<?xml version="1.0" encoding="UTF-8"?>
<OAI-PMH xmlns="http://www.openarchives.org/OAI/2.0/" xmlns:xsi="http://www.w3.org/2001/XMLSchema-instance" xsi:schemaLocation="http://www.openarchives.org/OAI/2.0/ http://www.openarchives.org/OAI/2.0/OAI-PMH.xsd">
  <ListRecords>
    <record>
      <header>
        <identifier>aleph-publish:001015070</identifier>
      </header>
      <metadata>
        <record xmlns="http://www.ddb.de/professionell/mabxml/mabxml-1.xsd">
          <leader>01103nM2.01200024------u</leader>
          <controlfield tag="LDR">01103nM2.01200024------u</controlfield>
          <controlfield tag="FMT">MU</controlfield>
          <datafield tag="001" ind1="-" ind2="1">
            <subfield code="a">HT015708250</subfield>
          </datafield>
          <datafield tag="001" ind1="-" ind2="2">
            <subfield code="a">HT015707971</subfield>
          </datafield>
          <datafield tag="002" ind1="a" ind2="1">
            <subfield code="a">20081022</subfield>
          </datafield>
          <datafield tag="002" ind1="a" ind2="2">
            <subfield code="a">20081022</subfield>
          </datafield>
          <datafield tag="003" ind1="-" ind2="1">
            <subfield code="a">20100218</subfield>
          </datafield>
          <datafield tag="003" ind1="-" ind2="2">
            <subfield code="a">20100218</subfield>
          </datafield>
          <datafield tag="010" ind1="-" ind2="1">
            <subfield code="a">HT015707971</subfield>
          </datafield>
          <datafield tag="020" ind1="b" ind2="1">
            <subfield code="a">547376499</subfield>
          </datafield>
          <datafield tag="020" ind1="c" ind2="2">
            <subfield code="a">ZLB14832672</subfield>
          </datafield>
          <datafield tag="025" ind1="a" ind2="1">
            <subfield code="a">985875313</subfield>
          </datafield>
          <datafield tag="026" ind1="-" ind2="1">
            <subfield code="a">DNB985875313</subfield>
          </datafield>
          <datafield tag="026" ind1="h" ind2="1">
            <subfield code="a">547376499</subfield>
          </datafield>
          <datafield tag="026" ind1="-" ind2="2">
            <subfield code="a">KBVZLB14832672</subfield>
          </datafield>
          <controlfield tag="030">a|1uc||||||||</controlfield>
          <datafield tag="036" ind1="a" ind2="1">
            <subfield code="a">XA-DE-BE</subfield>
          </datafield>
          <datafield tag="036" ind1="a" ind2="2">
            <subfield code="a">DE</subfield>
          </datafield>
          <datafield tag="037" ind1="b" ind2="1">
            <subfield code="a">ger</subfield>
          </datafield>
          <datafield tag="037" ind1="b" ind2="2">
            <subfield code="a">ger</subfield>
          </datafield>
          <controlfield tag="050">a|||||||||||||</controlfield>
          <datafield tag="070" ind1="-" ind2="1">
            <subfield code="a">6</subfield>
          </datafield>
          <datafield tag="070" ind1="-" ind2="2">
            <subfield code="a">6</subfield>
          </datafield>
          <datafield tag="070" ind1="b" ind2="1">
            <subfield code="a">468</subfield>
          </datafield>
          <datafield tag="070" ind1="b" ind2="2">
            <subfield code="a">468</subfield>
          </datafield>
          <datafield tag="080" ind1="-" ind2="1">
            <subfield code="a">60</subfield>
          </datafield>
          <datafield tag="080" ind1="-" ind2="2">
            <subfield code="a">60</subfield>
          </datafield>
          <datafield tag="089" ind1="-" ind2="1">
            <subfield code="a">Bd. 2, Teilbd. 2, Vom Ende des Ersten Weltkriegs bis zur Gegenwart</subfield>
            <subfield code="a">[Schülerbd.]</subfield>
          </datafield>
          <datafield tag="090" ind1="-" ind2="1">
            <subfield code="a">2,x,2,schuel</subfield>
          </datafield>
          <datafield tag="100" ind1="b" ind2="2">
            <subfield code="p">Regenhardt, Hans-Otto</subfield>
            <subfield code="9">(DE-588)111624975</subfield>
            <subfield code="b">[Hrsg.]</subfield>
          </datafield>
          <datafield tag="104" ind1="b" ind2="2">
            <subfield code="p">Bente, Markus</subfield>
            <subfield code="9">(DE-588)122105605</subfield>
          </datafield>
          <datafield tag="108" ind1="b" ind2="2">
            <subfield code="p">Britt, Thomas P.</subfield>
            <subfield code="9">(DE-588)136477925</subfield>
          </datafield>
          <datafield tag="112" ind1="b" ind2="2">
            <subfield code="p">Asch, Bettina</subfield>
            <subfield code="9">(DE-588)115804021</subfield>
          </datafield>
          <datafield tag="331" ind1="-" ind2="2">
            <subfield code="a">Forum Geschichte kompakt</subfield>
          </datafield>
          <datafield tag="359" ind1="-" ind2="1">
            <subfield code="a">[erarb. von Thomas P. Britt ...]</subfield>
          </datafield>
          <datafield tag="359" ind1="-" ind2="2">
            <subfield code="a">hrsg. von Hans-Otto Regenhardt</subfield>
          </datafield>
          <datafield tag="403" ind1="-" ind2="1">
            <subfield code="a">1.Aufl., 1. Dr.</subfield>
          </datafield>
          <datafield tag="403" ind1="-" ind2="2">
            <subfield code="a">[Gymnasium] Nordrhein-Westfalen</subfield>
          </datafield>
          <datafield tag="410" ind1="-" ind2="2">
            <subfield code="a">Berlin</subfield>
          </datafield>
          <datafield tag="412" ind1="-" ind2="2">
            <subfield code="a">Cornelsen</subfield>
          </datafield>
          <datafield tag="425" ind1="b" ind2="2">
            <subfield code="a">2008</subfield>
          </datafield>
          <datafield tag="425" ind1="a" ind2="1">
            <subfield code="a">2008</subfield>
          </datafield>
          <datafield tag="433" ind1="-" ind2="1">
            <subfield code="a">216 S. : Ill., graph. Darst., Kt.</subfield>
          </datafield>
          <datafield tag="523" ind1="-" ind2="2">
            <subfield code="a">Das Lehrwerk erscheint in einer zweibändigen und einer inhaltsgleichen dreibändigen Ausgabe</subfield>
          </datafield>
          <datafield tag="540" ind1="a" ind2="1">
            <subfield code="a">978-3-06-063983-0</subfield>
            <subfield code="b">Pb. : ca. EUR 19.95, ca. sfr 35.10</subfield>
          </datafield>
          <datafield tag="568" ind1="-" ind2="1">
            <subfield code="a">07N431711</subfield>
          </datafield>
          <datafield tag="655" ind1="-" ind2="1">
            <subfield code="u">http://deposit.d-nb.de/cgi-bin/dokserv?id=3010171&amp;prov=M&amp;dok_var=1&amp;dok_ext=htmTest</subfield>
          </datafield>
          <datafield tag="655" ind1="e" ind2="2">
            <subfield code="a">$qtext/html$uhttp://deposit.d-nb.de/cgi-bin/dokserv?id=3092092&amp;prov=M&amp;dok_var=1&amp;dok_ext=htm$3Inhaltstext$A2</subfield>
          </datafield>
          <datafield tag="655" ind1="e" ind2="2">
            <subfield code="a">$u</subfield>
          </datafield>
          <datafield tag="675" ind1="-" ind2="2">
            <subfield code="a">Schulbuch Gymnasium Nordrhein-Westfalen</subfield>
          </datafield>
          <datafield tag="710" ind1="-" ind2="2">
            <subfield code="a">Geschichtsunterricht</subfield>
          </datafield>
          <datafield tag="710" ind1="-" ind2="2">
            <subfield code="a">Nordrhein-Westfalen</subfield>
          </datafield>
          <datafield tag="710" ind1="-" ind2="2">
            <subfield code="a">Schulbuch</subfield>
          </datafield>
          <controlfield tag="SYS">001015070</controlfield>
          <datafield tag="700" ind1=" " ind2=" ">
            <subfield code="a">MQX</subfield>
          </datafield>
          <datafield tag="OWN" ind1=" " ind2=" ">
            <subfield code="a">P0001</subfield>
            <subfield code="n">466 - Paderborn: UB</subfield>
          </datafield>
          <datafield tag="655" ind1=" " ind2=" ">
            <subfield code="y">Bd. 2,1,2. Forum Geschichte kompakt.</subfield>
            <subfield code="t">VIEW</subfield>
            <subfield code="u">http://digitool.hbz-nrw.de:1801/webclient/DeliveryManager?pid=2891991&amp;custom_att_2=simple_viewer</subfield>
          </datafield>
          <datafield tag="TXT" ind1=" " ind2=" ">
            <subfield code="a">TITEL: BD. 2,1,2. FORUM GESCHICHTE KOMPAKT. AUTOR: JAHR: 2008 1. DIE NEUEN WELTMAECHTE SOWJETU 8 AUFTAKTSEITE 10 DIE SOWJETUNION: AUFBAU EINER KOMMUNISTISCHEN GESELLSCHAFT 11 RUSSLAND VOR DER REVOL UTION 12 DIE RUSSISCHE REVOLUTION 1917 13 DIE SOZIALISTISCHE IDEE WIRD WIRKLICHKEIT 14 DER WEG IN DIE DIKTATUR 15 STALINISMUSKRITIK 16 WERKSTATT: WENN BILDER LUEGEN 17 KOMPETENZ-CHECK 18 DIE USA: AUFSTIEG ZUR WELTMACHT 19 DIE ERSCHLIESSUNG DES „WILDEN WESTENS" 20 DIE USA ALS EINWANDERUNGSLAND 21 DER AUFSTIEG ZUR WELTWIRTSCHAFTSMACHT 22 DIE EXPANSION NACH UEBERSEE 23 KRISE UND REFORM IN DER ZWISCHENKRIEGSZEIT 24 METHODE: EINE POLITISCHE REDE UNTERSUCHEN 25 KOMPETENZ-CHECK 26 UEBERBLICK 2. NATIONALSOZIALISMUS UND ZWEITE 28 AUFTAKTSEITE 30 DIE WEIMARER REPUBLIK - GRUENDUNG UND ZERSTOERUNG 31 DIE REVOLUTION 1918/19 32 METHODE: POLITISCHE PLAKATE UNTERSUCHEN 34 DIE POLITISCHE ORDNUNG DER JUNGEN DEMOKRATIE 36 DER VERTRAG VON VERSAILLES 38 POLITISCHE UND WIRTSCHAFTLICHE BELASTUNGEN 40 GEGNER DER DEMOKRATIE NION UND USA R WELTKRIEG 42 WELTWIRTSCHAFTSKRISE UND ZERSTOERUNG DER DEMOKRATIE 44 DEUTSCHE AUSSENPOLITIK IN DEN 1920ER-JAHREN 45 KOMPETENZ-CHECK 46 DAS NATIONALSOZIALISTISCHE HERRSCHAFTSSYSTEM 47 ERRICHTUNG UND AUSBAU DER DIKTATUR 48 MACHTSICHERUNG UND GLEICHSCHALTUNG 50 DIE „MACHTERGREIFUNG" IN DER STADT HAGEN 52 DIE WELTANSCHAUUNG DER NATIONALSOZIALISTEN 54 HERRSCHAFT DURCH PROPAGANDA - DIE REICHSERNTEDANKFESTE 56 METHODE: PROPAGANDA-MEDIEN ANALYSIEREN 58 WERKSTATT: HISTORISCHE URTEILE ERKENNEN UND FORMULIEREN 59 KOMPETENZ-CHECK 60 LEBEN IN DER NATIONALSOZIALISTISCHEN DIKTATUR 61 DAS IDEAL DER „VOLKSGEMEINSCHAFT" 62 FRAUEN IN DER „VOLKSGEMEINSCHAFT" 64 FREIZEIT IM NS-STAAT 66 JUGEND IM NATIONALSOZIALISMUS 68 DAS JUGEND-KZ MORINGEN 70 PROPAGANDA UND POLITIK GEGEN JUDEN 72 DER NOVEMBERPOGROM 1938 74 EUGENIK UND „EUTHANASIE" 76 WERKSTATT: DIE SPRACHE DER VERSCHLEIERUNG UND AGGRESSION 77 KOMPETENZ-CHECK 3. DIE NEUORDNUNG EUROPAS UND DE</subfield>
          </datafield>
          <datafield tag="TXT" ind1=" " ind2=" ">
            <subfield code="a">108 AUFTAKTSEITE 110 KALTER KRIEG UND ENTSPANNUNG- INTERNATIONALE POLITIKSEIT 1945 111 DIE ANFAENGE DES KALTEN KRIEGS 112 BLOCKBILDUNG IM KALTEN KRIEG 114 BUENDNISSE IN EINER GETEILTEN WELT 116 WERKSTATT: FEINDBILDER IM KALTEN KRIEG 118 DIE BEWEGUNG DER BLOCKFREIEN STAATEN 120 ENTKOLONIALISIERUNG UND NORD-SUED-KONFLIKT 122 DAS ENDE DES OST-WEST-KONFLIKTS 124 VON DER BIPOLARITAET ZUR MULTIPOLARITAET? 125 KOMPETENZ-CHECK 126 DEUTSCHLAND - GETEILT UND VEREINT 127 NEUBEGINN IN TRUEMMERN UND NOT 128 ALLIIERTE BESATZUNGSPOLITIK 1945 BIS 1948 78 VERNICHTUNGSKRIEG UND VOELKERMORD 79 NATIONALSOZIALISTISCHE WIRTSCHAFTSPOLITIK 80 WERKSTATT: WAR DIE NS-DIKTATUR EIN „SOZIALSTAAT"? 82 NATIONALSOZIALISTISCHE AUSSENPOLITIK 1933 BIS 1938 84 DER ZWEITE WELTKRIEG IN EUROPA 86 BESATZUNGSPOLITIK UND VERNICHTUNG 88 DIE DEPORTATION DER JUDEN 90 DER MORD AN DEN JUDEN EUROPAS 92 WIDERSTAND GEGEN DEN NATIONALSOZIALISMUS 94 WAR DER WIDERSTAND UMSONST? 96 „TOTALER KRIEG" UND NIEDERLAGE 98 FLUCHT, HEIMKEHR UND VERTREIBUNG 100 DIE NEUORDNUNG MITTELEUROPAS 102 METHODE: IM ARCHIV RECHERCHIEREN 104 RECHTSEXTREMISMUS HEUTE 105 KOMPETENZ-CHECK 106 UEBERBLICK R WELT NACH 1945 130 WERKSTATT: STAATSGRUENDUNG UND WIEDERAUFBAU IN NORDRHEIN-WESTFALEN 132 METHODE: MIT FREMDSPRACHIGEN QUELLEN UMGEHEN 134 ENTNAZIFIZIERUNG UND NUERNBERGER PROZESSE 136 DIE GRUENDUNG DER BUNDESREPUBLIK DEUTSCHLAND 138 DIE GRUENDUNG DER DEUTSCHEN DEMOKRATISCHEN REPUBLIK 140 STAATSSICHERHEIT ALS MACHTINSTRUMENT 142 MARKT UND PLAN: ZWEI WIRTSCHAFTSMODELLE 144 LEBEN IN DER WIRTSCHAFTSGESELLSCHAFT WEST UND OST 146 JUGEND IN DER NACHKRIEGSZEIT 147 METHODE: ZEITZEUGEN BEFRAGEN 148 DEUTSCH-DEUTSCHE POLITIK 150 DER MAUERBAU 1961 152 WERKSTATT: DIE 68ER-BEWEGUNG 154 ENTSPANNUNGSPOLITIK UND KRISE DES DDR-SYSTEMS 156 SCHRITTE ZUR EINHEIT 1989/90 158 STAATLICHE EINHEIT, ABER EINE GESPALTENE GESELLSCHAFT? 160 JUEDISCHES LEBEN IN DEUTSCHLAND 161 KOMPETENZ-CHECK 162 TRANSNATIONALE KOOPERATIONEN: UNO UND EU</subfield>
          </datafield>
          <datafield tag="TXT" ind1=" " ind2=" ">
            <subfield code="a">163 DIE VEREINTEN NATIONEN - GRUENDUNG UND ZIELE 164 DIE UNO-MACHT ODER OHNMACHT? 166 „BLAUHELM"-SOLDATEN IM LIBANON 167 METHODE: INFORMATIONEN AUS DEM INTERNET BEWERTEN 168 ERSTE SCHRITTE ZUR EINIGUNG EUROPAS 170 UEBER DIE WIRTSCHAFTLICHE ZUR POLITISCHEN EINIGUNG? 4. KOMMUNIKATIONSMEDIEN GESTEI 186 AUFTAKTSEITE 188 DIE ERFINDUNG DES BUCHDRUCKS UND DIE „DIGITALE REVOLUTION" 189 DER BUCHDRUCK - EINE „MEDIENREVOLUTION"? 190 NEUE MEDIEN IN DER FRUEHEN NEUZEIT ANHANG 198 LEXIKON 201 METHODENUEBERSICHT 213 HISTORISCHE SACHVERHALTE BESCHREIBEN UND EROERTERN 215 REGISTER 217 BILDQUELLEN 172 DIE ZUKUNFT DER EU 173 KOMPETENZ-CHECK 174 LEBEN IN DER ZEIT DER GLOBALISIERUNG 175 WAS IST GLOBALISIERUNG? 176 GLOBALE WIRTSCHAFT - FOLGEN UND KRITIK 178 GLOBALISIERUNG DER KULTUREN? 180 GLOBALER TERRORISMUS? 181 GLOBALE MIGRATION 182 GLOBALE KONFLIKTE - DAS BEISPIEL NAHER OSTEN 183 KOMPETENZ-CHECK 184 UEBERBLICK RN UND HEUTE 192 DIGITALISIERUNG UND GLOBALISIERUNG 194 WERKSTATT: FOLGEN DER „DIGITALEN REVOLUTION" ERFORSCHEN 195 KOMPETENZ-CHECK 196 UEBERBLICK</subfield>
          </datafield>
          <datafield tag="PLK" ind1=" " ind2=" ">
            <subfield code="a">UP</subfield>
            <subfield code="l">PAD01</subfield>
            <subfield code="b">001015067</subfield>
            <subfield code="m">Bd. 2, Teilbd. 2, Vom Ende des Ersten Weltkriegs bis zur Gegenwart;^[Schülerbd.];^.^2008</subfield>
            <subfield code="n">Forum Geschichte kompakt.^2008</subfield>
          </datafield>
          <datafield tag="LOC" ind1=" " ind2=" ">
            <subfield code="m">BOOK</subfield>
            <subfield code="a">P0001</subfield>
            <subfield code="b">30</subfield>
            <subfield code="d">MQX4954-2,2,S</subfield>
            <subfield code="i">08/14441</subfield>
            <subfield code="n">30</subfield>
            <subfield code="k">20081209</subfield>
            <subfield code="5">1030204-10</subfield>
          </datafield>
        </record>
      </metadata>
    </record>
  </ListRecords>
</OAI-PMH>
